@inproceedings{Mycroft:1980:TPT:647324.721526,
 author = {Mycroft, Alan},
 title = {The Theory and Practice of Transforming Call-by-need into Call-by-value},
 booktitle = {Proceedings of the Fourth 'Colloque International Sur La Programmation' on International Symposium on Programming},
 year = {1980},
 isbn = {3-540-09981-6},
 pages = {269--281},
 numpages = {13},
 url = {http://dl.acm.org/citation.cfm?id=647324.721526},
 acmid = {721526},
 publisher = {Springer-Verlag},
 address = {Berlin, Heidelberg},
} 

