@inproceedings{Mycroft:1980:TPT:647324.721526,
 author = {Mycroft, Alan},
 title = {The Theory and Practice of Transforming Call-by-need into Call-by-value},
 booktitle = {Proceedings of the Fourth 'Colloque International Sur La Programmation' on International Symposium on Programming},
 year = {1980},
 isbn = {3-540-09981-6},
 pages = {269--281},
 numpages = {13},
 url = {http://dl.acm.org/citation.cfm?id=647324.721526},
 acmid = {721526},
 publisher = {Springer-Verlag},
 address = {Berlin, Heidelberg},
} 

@techreport{Sussman:1975:IEL:889230,
  author =	 {Sussman, Gerald J. and Steele,Jr., Guy L.},
  title =	 {An Interpreter for Extended Lambda Calculus},
  year =	 {1975},
  institution =	 {Massachusetts Institute of Technology},
  address =	 {Cambridge, MA, USA},
}


@techreport{Steele:1976:LUI:889232,
  author =	 {Steele, Guy L and Sussman, Gerald J},
  title =	 {Lambda: The Ultimate Imperative},
  year =	 {1976},
  institution =	 {Massachusetts Institute of Technology},
  address =	 {Cambridge, MA, USA},
}

@article{Clinger:1998:PTR:277652.277719,
  author =	 {Clinger, William D.},
  title =	 {Proper Tail Recursion and Space Efficiency},
  journal =	 {SIGPLAN Not.},
  issue_date =	 {May 1998},
  volume =	 {33},
  number =	 {5},
  month =	 may,
  year =	 {1998},
  issn =	 {0362-1340},
  pages =	 {174--185},
  numpages =	 {12},
  url =		 {http://doi.acm.org/10.1145/277652.277719},
  doi =		 {10.1145/277652.277719},
  acmid =	 {277719},
  publisher =	 {ACM},
  address =	 {New York, NY, USA},
}

@inproceedings{Clinger:1998:PTR:277650.277719,
  author =	 {Clinger, William D.},
  title =	 {Proper Tail Recursion and Space Efficiency},
  booktitle =	 {Proceedings of the ACM SIGPLAN 1998 Conference on
                  Programming Language Design and Implementation},
  series =	 {PLDI '98},
  year =	 {1998},
  isbn =	 {0-89791-987-4},
  location =	 {Montreal, Quebec, Canada},
  pages =	 {174--185},
  numpages =	 {12},
  url =		 {http://doi.acm.org/10.1145/277650.277719},
  doi =		 {10.1145/277650.277719},
  acmid =	 {277719},
  publisher =	 {ACM},
  address =	 {New York, NY, USA},
}

@article{Dijkstra60,
   author = "Edsger W. Dijkstra",
   title = "Recursive Programming",
   year = "1960",
   journal = "Numerische Mathematik",
   volume = 2,
   pages = {312--318},
}

@incollection{Naur78,
  author =	 {Naur, Peter},
  title =	 {The European Side of the Last Phase of the
                  Development of ALGOL 60},
  booktitle =	 {History of Programming Languages {I}},
  editor =	 {Wexelblat, Richard L.},
  year =	 {1981},
  isbn =	 {0-12-745040-8},
  pages =	 {92--139},
  numpages =	 {48},
  url =		 {http://doi.acm.org/10.1145/800025.1198353},
  doi =		 {10.1145/800025.1198353},
  acmid =	 {1198353},
  publisher =	 {ACM},
  address =	 {New York, NY, USA},
} 

@article{McCarthy60,
 author = {McCarthy, John},
 title = {Recursive Functions of Symbolic Expressions and Their Computation by Machine, Part {I}},
 journal = {Communications of the ACM},
 issue_date = {April 1960},
 volume = {3},
 number = {4},
 month = apr,
 year = {1960},
 issn = {0001-0782},
 pages = {184--195},
 numpages = {12},
 url = {http://doi.acm.org/10.1145/367177.367199},
 doi = {10.1145/367177.367199},
 acmid = {367199},
 publisher = {ACM},
 address = {New York, NY, USA},
} 

@inproceedings{McCarthy62,
  author = {McCarthy, John},
  booktitle = {IFIP Congress},
  pages = {21-28},
  title = {Towards a Mathematical Science of Computation},
  year = {1962}
}

@article{Stoyan79,
  author =	 {Stoyan, Herbert},
  title =	 {LISP History},
  journal =	 {Lisp Bulletin},
  issue_date =	 {December 1979},
  number ={3},
  month =	 dec,
  year =	 {1979},
  issn =	 {2372-8752},
  pages =	 {42--53},
  numpages =	 {12},
  url =		 {http://doi.acm.org/10.1145/1411829.1411837},
  doi =		 {10.1145/1411829.1411837},
  acmid =	 {1411837},
  publisher =	 {ACM},
  address =	 {New York, NY, USA},
} 

@book{Barron68,
  title = {Recursive techniques in programming},
  author = {D. W. Barron},
  year = {1968},
  publisher = {American Elsevier}
}

@article{Gill65,
author = {Gill, Stanley}, 
title = {Automatic computing: its problems and prizes},
volume = {8}, 
number = {3}, 
pages = {177-189}, 
year = {1965}, 
doi = {10.1093/comjnl/8.3.177}, 
abstract ={This is the text of a lecture delivered at Imperial College, London, on 26 January 1965, to mark the inauguration of the author as Professor of Computing Science. It illustrates the kind of thinking that is involved in the development of automatic computing as a new technology, and discusses its significance in the wider social context. Computing is compared with printing and with telecommunications as one of the forces that shape society; it poses economic problems as well as some very complex technical ones.}, 
URL = {http://comjnl.oxfordjournals.org/content/8/3/177.abstract}, 
eprint = {http://comjnl.oxfordjournals.org/content/8/3/177.full.pdf+html}, 
journal = {The Computer Journal} 
}

@article{Knuth74,
 author = {Knuth, Donald E.},
 title = {Structured Programming with Go to Statements},
 journal = {ACM Computing Surveys},
 issue_date = {Dec. 1974},
 volume = {6},
 number = {4},
 month = dec,
 year = {1974},
 issn = {0360-0300},
 pages = {261--301},
 numpages = {41},
 url = {http://doi.acm.org/10.1145/356635.356640},
 doi = {10.1145/356635.356640},
 acmid = {356640},
 publisher = {ACM},
 address = {New York, NY, USA},
} 

@book{Torczon12,
 author = {Torczon, Linda and Cooper, Keith},
 title = {Engineering A Compiler},
 year = {2012},
 edition = {2nd},
 publisher = {Morgan Kaufmann Publishers Inc.},
 address = {San Francisco, CA, USA},
} 

@mastersthesis{Probst01,
  author = {Mark Probst},
  title = {Proper Tail Recursion in {C}},
  year = 2001,
  school = {Technische Universit\"at Wien},
  type = "Diplomarbeit"
}

@book{Pandey:2015:LC:2842773,
  author =	 {Pandey, Mayur and Sarda, Suyog},
  title =	 {LLVM Cookbook},
  year =	 {2015},
  isbn =	 {178528598X, 9781785285981},
  publisher =	 {Packt Publishing},
}

@book{Appel92,
 author = {Appel, Andrew W.},
 title = {Compiling with Continuations},
 year = {1992},
 isbn = {0-521-41695-7},
 publisher = {Cambridge University Press},
 address = {New York, NY, USA},
}

@article{Bigot99,
title = "Return value placement and tail call optimization in high level languages",
journal = "The Journal of Logic Programming",
volume = "38",
number = "1",
pages = "1 - 29",
year = "1999",
issn = "0743-1066",
doi = "http://dx.doi.org/10.1016/S0743-1066(98)80001-0",
url = "http://www.sciencedirect.com/science/article/pii/S0743106698800010",
author = "Peter A. Bigot and Saumya Debray",
}

@article{Bobrow73,
 author = {Bobrow, Daniel G. and Wegbreit, Ben},
 title = {A Model and Stack Implementation of Multiple Environments},
 journal = {Communications of the ACM},
 issue_date = {Oct. 1973},
 volume = {16},
 number = {10},
 month = oct,
 year = {1973},
 issn = {0001-0782},
 pages = {591--603},
 numpages = {13},
 url = {http://doi.acm.org/10.1145/362375.362379},
 doi = {10.1145/362375.362379},
 acmid = {362379},
 publisher = {ACM},
 address = {New York, NY, USA},
 keywords = {FUNARG problem, access environments, backtracking, control structures, coroutines, dendrarchy, dynamic storage allocation, environments, extensible control structures, functional arguments, label-valued variables, multiprocessor systems, multitasking, retention, stack allocation},
} 

@book{Sperber10,
 author = {Sperber, Michael and Dybvig, R. Kent and Flatt, Matthew and van Straaten, Anton and Findler, Robby and Matthews, Jacob},
 title = {Revised [6] Report on the Algorithmic Language {S}cheme},
 year = {2010},
 isbn = {0521193990, 9780521193993},
 edition = {1st},
 publisher = {Cambridge University Press},
 address = {New York, NY, USA},
} 

@techreport{Steele78,
  author =	 {Steele,Jr., Guy L.},
  title =	 {{R}abbit: A Compiler for {S}cheme},
  year =	 {1978},
  source =       {http://www.ncstrl.org:8900/ncstrl/servlet/search?formname=detail\&id=oai%3Ancstrlh%3Amitai%3AMIT-AILab%2F%2FAITR-474},
  institution =	 {Massachusetts Institute of Technology},
  address =	 {Cambridge, MA, USA},
} 

@incollection{Waite84,
year={1984},
isbn={978-1-4612-9731-4},
booktitle={Compiler Construction},
series={Texts and Monographs in Computer Science},
doi={10.1007/978-1-4612-5192-7_3},
title={Properties of Real and Abstract Machines},
url={http://dx.doi.org/10.1007/978-1-4612-5192-7_3},
publisher={Springer New York},
author={Waite, William M. and Goos, Gerhard},
pages={46-84},
language={English}
}

@mastersthesis{Theofilopoulos13,
  author = {Panagiotis Theofilopoulos},
  title = {An efficient implementation of lazy functionalprogramming languages based on the generalizedintensional transformation},
  year = 2013,
  school = {Department of Mathematics, National and Kapodistrian University of Athens},
  type = "Diplomarbeit"
}

@inproceedings{Johnsson:1985:LLT:5280.5292,
  author =	 {Johnsson, Thomas},
  title =	 {Lambda Lifting: Transforming Programs to Recursive
                  Equations},
  booktitle =	 {Proc. Of a Conference on Functional Programming
                  Languages and Computer Architecture},
  year =	 {1985},
  isbn =	 {3-387-15975-4},
  location =	 {Nancy, France},
  pages =	 {190--203},
  numpages =	 {14},
  url =		 {http://dl.acm.org/citation.cfm?id=5280.5292},
  acmid =	 {5292},
  publisher =	 {Springer-Verlag New York, Inc.},
  address =	 {New York, NY, USA},
}

@incollection{Au85,
   author = {Augustsson, Lennart},
   affiliation = {Chalmers University of Technology Programming Methodology Group Department of Computer Science S-412 96 Göteborg Sweden S-412 96 Göteborg Sweden},
   title = {Compiling pattern matching},
   booktitle = {Functional Programming Languages and Computer Architecture},
   series = {Lecture Notes in Computer Science},
   editor = {Jouannaud, Jean-Pierre},
   publisher = {Springer Berlin / Heidelberg},
   isbn = {},
   pages = {368-381},
   volume = {201},
   url = {http://dx.doi.org/10.1007/3-540-15975-4\_48},
   note = {10.1007/3-540-15975-4\_48},
   year = {1985}
}

@InCollection{Wadler87,
  author     = 	 {Wadler, P.},
  title      = 	 {Efficient Compilation of Pattern-Matching},
  booktitle  = 	 {The Implementation of Functional Programming Languages},
  pages      =	 {78--103},
  publisher  =	 {Prentice-Hall International},
  year       =	 1987,
  editor     =	 {S. L. Peyton-Jones}
}

@inproceedings{La93,
  author =	 {Launchbury, John},
  title =	 {A natural semantics for lazy evaluation},
  booktitle =	 {Proceedings of the 20th ACM SIGPLAN-SIGACT symposium
                  on Principles of programming languages},
  series =	 {POPL '93},
  year =	 {1993},
  isbn =	 {0-89791-560-7},
  location =	 {Charleston, South Carolina, United States},
  pages =	 {144--154},
  numpages =	 {11},
  url =		 {http://doi.acm.org/10.1145/158511.158618},
  doi =		 {http://doi.acm.org/10.1145/158511.158618},
  acmid =	 {158618},
  publisher =	 {ACM},
  address =	 {New York, NY, USA},
} 

@phdthesis{Fourtounis14,
  author =	 {Georgios Fourtounis},
  title =	 {The Intensional Transformation for Implementing
                  Functional Programming Languages},
  year =	 {2014},
  school =	 {National Technical University of Athens},
}

@techreport{Friedman74,
  author =	 {Daniel P. Friedman and David S. Wise},
  title =	 {Technical Report TR19: Unwinding Structured Recursions into Iterations},
  month =        dec,
  year =	 {1974},
  source =       {https://help.sice.indiana.edu/techreports/TRNNN.cgi?trnum=TR19},
  publisher =	 {Indiana University},
  address =	 {Cambridge, MA, USA},
}

@INPROCEEDINGS{Reynolds72definitionalinterpreters,
    author = {John C. Reynolds},
    title = {Definitional interpreters for higher-order programming languages},
    booktitle = {Reprinted from the proceedings of the 25th ACM National Conference},
    year = {1972},
    pages = {717--740},
    publisher = {ACM}
}

@ARTICLE{Jo92,
    author = {Simon L. Peyton Jones},
    title = {Implementing lazy functional languages on stock hardware: the {S}pineless {T}agless {G}-machine},
    journal = {Journal of Functional Programming},
    year = {1992},
    volume = {2},
    pages = {127--202}
}

@article{Ma06,
  author =	 {Marlow,Simon and Jones,Simon Peyton},
  title =	 {Making a fast curry: push/enter vs. eval/apply for
                  higher-order languages},
  journal =	 {Journal of Functional Programming},
  volume =	 {16},
  number =	 {4-5},
  pages =	 {415-449},
  year =	 {2006},
  doi =		 {10.1017/S0956796806005995},
  URL =		 {http://dx.doi.org/10.1017/S0956796806005995},
  eprint =
                  {http://journals.cambridge.org/article_S0956796806005995},
}

@incollection{mlton,
  year =	 {2000},
  isbn =	 {978-3-540-67262-3},
  booktitle =	 {Programming Languages and Systems},
  volume =	 {1782},
  series =	 {Lecture Notes in Computer Science},
  editor =	 {Smolka, Gert},
  doi =		 {10.1007/3-540-46425-5_4},
  title =	 {Flow-Directed Closure Conversion for Typed
                  Languages},
  url =		 {http://dx.doi.org/10.1007/3-540-46425-5_4},
  publisher =	 {Springer Berlin Heidelberg},
  author =	 {Cejtin, Henry and Jagannathan, Suresh and Weeks,
                  Stephen},
  pages =	 {56-71},
  language =	 {English}
}

@inproceedings{Madsen:2018:TCE:3178372.3179499,
  author =	 {Madsen, Magnus and Zarifi, Ramin and Lhot\'{a}k,
                  Ond\v{r}ej},
  title =	 {Tail Call Elimination and Data Representation for
                  Functional Languages on the Java Virtual Machine},
  booktitle =	 {Proceedings of the 27th International Conference on
                  Compiler Construction},
  series =	 {CC 2018},
  year =	 {2018},
  isbn =	 {978-1-4503-5644-2},
  location =	 {Vienna, Austria},
  pages =	 {139--150},
  numpages =	 {12},
  url =		 {http://doi.acm.org/10.1145/3178372.3179499},
  doi =		 {10.1145/3178372.3179499},
  acmid =	 {3179499},
  publisher =	 {ACM},
  address =	 {New York, NY, USA},
  keywords =	 {java, jvm, tag tuple fusion, tail call elimination},
}

@book{Jo87,
 author = {Peyton Jones, Simon L.},
 title = {The Implementation of Functional Programming Languages (Prentice-Hall International Series in Computer Science)},
 year = {1987},
 isbn = {013453333X},
 publisher = {Prentice-Hall, Inc.},
 address = {Upper Saddle River, NJ, USA},
} 

@inproceedings{Argo89,
 author = {Argo, Guy},
 title = {Improving the Three Instruction Machine},
 booktitle = {Proceedings of the Fourth International Conference on Functional Programming Languages and Computer Architecture},
 series = {FPCA '89},
 year = {1989},
 isbn = {0-89791-328-0},
 location = {Imperial College, London, United Kingdom},
 pages = {100--115},
 numpages = {16},
 url = {http://doi.acm.org/10.1145/99370.99378},
 doi = {10.1145/99370.99378},
 acmid = {99378},
 publisher = {ACM},
 address = {New York, NY, USA},
} 

@inproceedings{Danvy:2004:RDL:2154439.2154443,
  author =	 {Danvy, Olivier},
  title =	 {A Rational Deconstruction of Landin's {SECD}
                  Machine},
  booktitle =	 {Proceedings of the 16th International Conference on
                  Implementation and Application of Functional
                  Languages},
  series =	 {IFL'04},
  year =	 {2005},
  isbn =	 {3-540-26094-3, 978-3-540-26094-3},
  location =	 {L\&\#252;beck, Germany},
  pages =	 {52--71},
  numpages =	 {20},
  url =		 {http://dx.doi.org/10.1007/11431664_4},
  doi =		 {10.1007/11431664_4},
  acmid =	 {2154443},
  publisher =	 {Springer-Verlag},
  address =	 {Berlin, Heidelberg},
}

@article{La64,
  author =	 {Landin, Peter J.},
  title =	 {The Mechanical Evaluation of Expressions},
  volume =	 {6},
  number =	 {4},
  pages =	 {308-320},
  year =	 {1964},
  doi =		 {10.1093/comjnl/6.4.308},
  URL =          {http://comjnl.oxfordjournals.org/content/6/4/308.abstract},
  eprint =       {http://comjnl.oxfordjournals.org/content/6/4/308.full.pdf+html},
  journal =	 {The Computer Journal}
}

@INPROCEEDINGS{Coutts07,
    author = {Duncan Coutts and Roman Leshchinskiy and Don Stewart},
    title = {Stream Fusion. From Lists to Streams to Nothing at All},
    booktitle = {ICFP’07},
    year = {2007},
    publisher = {}
}

@article{Jone98,
 author = {Peyton Jones, Simon L. and Santos, Andr{\'e} L. M.},
 title = {A Transformation-based Optimiser for Haskell},
 journal = {Sci. Comput. Program.},
 issue_date = {Sept. 1998},
 volume = {32},
 number = {1-3},
 month = sep,
 year = {1998},
 issn = {0167-6423},
 pages = {3--47},
 numpages = {45},
 url = {http://dx.doi.org/10.1016/S0167-6423(97)00029-4},
 doi = {10.1016/S0167-6423(97)00029-4},
 acmid = {299621},
 publisher = {Elsevier North-Holland, Inc.},
 address = {Amsterdam, The Netherlands, The Netherlands},
 keywords = {compilers, functional languages, let-floating, linear type system, optimisation, second-order lambda calculus, strict analysis, transformation},
}

@inproceedings{Abel13,
 author = {Abel, Andreas and Pientka, Brigitte and Thibodeau, David and Setzer, Anton},
 title = {Copatterns: Programming Infinite Structures by Observations},
 booktitle = {Proceedings of the 40th Annual ACM SIGPLAN-SIGACT Symposium on Principles of Programming Languages},
 series = {POPL '13},
 year = {2013},
 isbn = {978-1-4503-1832-7},
 location = {Rome, Italy},
 pages = {27--38},
 numpages = {12},
 url = {http://doi.acm.org/10.1145/2429069.2429075},
 doi = {10.1145/2429069.2429075},
 acmid = {2429075},
 publisher = {ACM},
 address = {New York, NY, USA},
 keywords = {coinduction, functional programming, introduction vs. elimination, message passing, pattern matching},
}

@inproceedings{Bol09,
 author = {Bolingbroke, Maximilian C. and Peyton Jones, Simon L.},
 title = {Types Are Calling Conventions},
 booktitle = {Proceedings of the 2Nd ACM SIGPLAN Symposium on Haskell},
 series = {Haskell '09},
 year = {2009},
 isbn = {978-1-60558-508-6},
 location = {Edinburgh, Scotland},
 pages = {1--12},
 numpages = {12},
 url = {http://doi.acm.org/10.1145/1596638.1596640},
 doi = {10.1145/1596638.1596640},
 acmid = {1596640},
 publisher = {ACM},
 address = {New York, NY, USA},
 keywords = {arity, calling conventions, intermediate language, strictness, unboxing, uncurrying},
} 


@article{Wadler03,
 author = {Wadler, Philip},
 title = {Call-by-value is Dual to Call-by-name},
 journal = {SIGPLAN Not.},
 issue_date = {September 2003},
 volume = {38},
 number = {9},
 month = aug,
 year = {2003},
 issn = {0362-1340},
 pages = {189--201},
 numpages = {13},
 url = {http://doi.acm.org/10.1145/944746.944723},
 doi = {10.1145/944746.944723},
 acmid = {944723},
 publisher = {ACM},
 address = {New York, NY, USA},
 keywords = {Curry-Howard correspondence, De Morgan dual, lambda calculus, lambda mu calculus, logic, natural deduction, sequent calculus},
}

@inproceedings{Wadler84,
 author = {Wadler, Philip},
 title = {Listlessness is Better Than Laziness: Lazy Evaluation and Garbage Collection at Compile-time},
 booktitle = {Proceedings of the 1984 ACM Symposium on LISP and Functional Programming},
 series = {LFP '84},
 year = {1984},
 isbn = {0-89791-142-3},
 location = {Austin, Texas, USA},
 pages = {45--52},
 numpages = {8},
 url = {http://doi.acm.org/10.1145/800055.802020},
 doi = {10.1145/800055.802020},
 acmid = {802020},
 publisher = {ACM},
 address = {New York, NY, USA},
}

@inproceedings{Fourtounis:2013:GIT:2769663.2769674,
  author =	 {Fourtounis, Georgios and Papaspyrou, Nikolaos and
                  Rondogiannis, Panos},
  title =	 {The Generalized Intensional Transformation for
                  Implementing Lazy Functional Languages},
  booktitle =	 {Proceedings of the 15th International Symposium on
                  Practical Aspects of Declarative Languages - Volume
                  7752},
  series =	 {PADL 2013},
  year =	 {2013},
  isbn =	 {978-3-642-45283-3},
  location =	 {Rome, Italy},
  pages =	 {157--172},
  numpages =	 {16},
  url =		 {https://doi.org/10.1007/978-3-642-45284-0_11},
  doi =		 {10.1007/978-3-642-45284-0_11},
  acmid =	 {2769674},
  publisher =	 {Springer-Verlag},
  address =	 {Berlin, Heidelberg},
  keywords =	 {compilation, dataflow programming,
                  defunctionalization, intensional transformation,
                  lazy functional languages},
}

@mastersthesis{baueran:mthesis:2003,
  author =	 {Andreas Bauer},
  title =	 {Compilation of Functional Programming Languages
                  using {GCC}---{T}ail Calls},
  year =	 {2003},
  school =	 {Institut f\"ur Informatik, Technische Universit\"at
                  M\"unchen},
  url =		 {http://home.in.tum.de/~baueran/thesis/}
}

@inproceedings{Terei:2010:LBG:1863523.1863538,
  author =	 {Terei, David A. and Chakravarty, Manuel M.T.},
  title =	 {An {LLVM} Backend for GHC},
  booktitle =	 {Proceedings of the Third ACM Haskell Symposium on
                  Haskell},
  series =	 {Haskell '10},
  year =	 {2010},
  isbn =	 {978-1-4503-0252-4},
  location =	 {Baltimore, Maryland, USA},
  pages =	 {109--120},
  numpages =	 {12},
  url =		 {http://doi.acm.org/10.1145/1863523.1863538},
  doi =		 {10.1145/1863523.1863538},
  acmid =	 {1863538},
  publisher =	 {ACM},
  address =	 {New York, NY, USA},
  keywords =	 {backend, ghc, llvm},
}

@article{Mainland:2017:EVI:3084186.3060597,
  author =	 {Mainland, Geoffrey and Leshchinskiy, Roman and
                  Jones, Simon Peyton},
  title =	 {Exploiting Vector Instructions with Generalized
                  Stream Fusion},
  journal =	 {Commun. ACM},
  issue_date =	 {May 2017},
  volume =	 {60},
  number =	 {5},
  month =	 apr,
  year =	 {2017},
  issn =	 {0001-0782},
  pages =	 {83--91},
  numpages =	 {9},
  url =		 {http://doi.acm.org/10.1145/3060597},
  doi =		 {10.1145/3060597},
  acmid =	 {3060597},
  publisher =	 {ACM},
  address =	 {New York, NY, USA},
}

@article{Pardo16,
  title =	 "Multiple intermediate structure deforestation by
                  shortcut fusion",
  journal =	 "Science of Computer Programming",
  volume =	 "132",
  pages =	 "77 - 95",
  year =	 "2016",
  note =	 "Selected and extended papers from SBLP 2013",
  issn =	 "0167-6423",
  doi =		 "https://doi.org/10.1016/j.scico.2016.07.004",
  url =          "http://www.sciencedirect.com/science/article/pii/S0167642316300880",
  author =	 "Alberto Pardo and João Paulo Fernandes and João
                  Saraiva",
}

@inproceedings{Gill:1993:SCD:165180.165214,
  author =	 {Gill, Andrew and Launchbury, John and Peyton Jones,
                  Simon L.},
  title =	 {A Short Cut to Deforestation},
  booktitle =	 {Proceedings of the Conference on Functional
                  Programming Languages and Computer Architecture},
  series =	 {FPCA '93},
  year =	 {1993},
  isbn =	 {0-89791-595-X},
  location =	 {Copenhagen, Denmark},
  pages =	 {223--232},
  numpages =	 {10},
  url =		 {http://doi.acm.org/10.1145/165180.165214},
  doi =		 {10.1145/165180.165214},
  acmid =	 {165214},
  publisher =	 {ACM},
  address =	 {New York, NY, USA},
}

@book{Nielson:2010:PPA:1965094,
  author =	 {Nielson, Flemming and Nielson, Hanne R. and Hankin,
                  Chris},
  title =	 {Principles of Program Analysis},
  year =	 {2010},
  isbn =	 {3642084745, 9783642084744},
  publisher =	 {Springer Publishing Company, Incorporated},
}

@inproceedings{PeytonJones:1991:UVF:645420.652528,
  author =	 {Peyton Jones, Simon L. and Launchbury, John},
  title =	 {Unboxed Values As First Class Citizens in a
                  Non-Strict Functional Language},
  booktitle =	 {Proceedings of the 5th ACM Conference on Functional
                  Programming Languages and Computer Architecture},
  year =	 {1991},
  isbn =	 {3-540-54396-1},
  pages =	 {636--666},
  numpages =	 {31},
  url =		 {http://dl.acm.org/citation.cfm?id=645420.652528},
  acmid =	 {652528},
  publisher =	 {Springer-Verlag},
  address =	 {Berlin, Heidelberg},
}

@article{Holdermans:2010:MSM:2088270.2088274,
  author =	 {Holdermans, Stefan and Hage, Jurriaan},
  title =	 {Making "Stricterness" More Relevant},
  journal =	 {Higher Order Symbol. Comput.},
  issue_date =	 {September 2010},
  volume =	 {23},
  number =	 {3},
  month =	 sep,
  year =	 {2010},
  issn =	 {1388-3690},
  pages =	 {315--335},
  numpages =	 {21},
  url =		 {http://dx.doi.org/10.1007/s10990-011-9079-7},
  doi =		 {10.1007/s10990-011-9079-7},
  acmid =	 {2088274},
  publisher =	 {Kluwer Academic Publishers},
  address =	 {Hingham, MA, USA},
  keywords =	 {Explicit strictness annotations, Functional
                  languages, Lazy evaluation, Relevance typing,
                  Strictness analysis, Type and effect systems},
}

@article{burn:lemetayer:1996,
  title =	 {Proving the correctness of compiler optimisations
                  based on a global analysis: a study of strictness
                  analysis},
  volume =	 {6},
  DOI =		 {10.1017/S0956796800001581},
  number =	 {1},
  journal =	 {Journal of Functional Programming},
  publisher =	 {Cambridge University Press},
  author =	 {Burn, Geoffrey and Le Métayer, Daniel},
  year =	 {1996},
  pages =	 {75–109}
}

@InProceedings{nofib,
  author =	 "Partain, Will",
  editor =	 "Launchbury, John and Sansom, Patrick",
  title =	 "The nofib Benchmark Suite of {H}askell Programs",
  booktitle =	 "Functional Programming, Glasgow 1992",
  year =	 "1993",
  publisher =	 "Springer London",
  address =	 "London",
  pages =	 "195--202",
  isbn =	 "978-1-4471-3215-8"
}

@INPROCEEDINGS{Boquist96,
    author = {Urban Boquist and Thomas Johnsson},
    title = {The {GRIN} Project: A Highly Optimising Back End for Lazy Functional Languages},
    booktitle = {Proceedings of IFL '96, volume 1268 of LNCS},
    year = {1996},
    pages = {58--84},
    publisher = {Springer-Verlag}
}

@inproceedings{Podlovics19,
  title =	 {A modern look at {GRIN}, an optimizing functional
                  language back end},
  author =	 {P\'eter D\'avid Podlovics and Csaba Hruska and Andor
                  P\'enzes},
  year =	 {2019},
  booktitle =    {Conference on Software Technology and Cyber Security (STCS 2019)},
}

@Article{Kerneis2011,
  author =	 "Kerneis, Gabriel and Chroboczek, Juliusz",
  title =	 "Continuation-Passing C, compiling threads to events
                  through continuations",
  journal =	 "Higher-Order and Symbolic Computation",
  year =	 "2011",
  month =	 "Sep",
  day =		 "01",
  volume =	 "24",
  number =	 "3",
  pages =	 "239--279",
  issn =	 "1573-0557",
  doi =		 "10.1007/s10990-012-9084-5",
  url =		 "https://doi.org/10.1007/s10990-012-9084-5"
}

@Article{Bloss1988,
  author =	 "Bloss, Adrienne and Hudak, Paul and Young, Jonathan",
  title =	 "Code optimizations for lazy evaluation",
  journal =	 "LISP and Symbolic Computation",
  year =	 "1988",
  month =	 "Sep",
  day =		 "01",
  volume =	 "1",
  number =	 "2",
  pages =	 "147--164",
  issn =	 "1573-0557",
  doi =		 "10.1007/BF01806169",
  url =		 "https://doi.org/10.1007/BF01806169"
}

@InProceedings{PeytonJones94,
  author =	 "Jones, Simon Peyton and Santos, Andr{\'e}",
  editor =	 "Hammond, Kevin and Turner, David N.  and Sansom,
                  Patrick M.",
  title =	 "Compilation by Transformation in the Glasgow Haskell
                  Compiler",
  booktitle =	 "Functional Programming, Glasgow 1994",
  year =	 "1995",
  publisher =	 "Springer London",
  address =	 "London",
  pages =	 "184--204",
  isbn =	 "978-1-4471-3573-9"
}

@incollection{Barendregt:1993:LCT:162552.162561,
  author =	 {Barendregt, H. P.},
  title =	 {Lambda Calculi with Types},
  booktitle =	 {Handbook of Logic in Computer Science (Vol. 2)},
  editor =	 {Abramsky, S. and Gabbay, Dov M. and Maibaum, S. E.},
  year =	 {1992},
  isbn =	 {0-19-853761-1},
  pages =	 {117--309},
  numpages =	 {193},
  url =		 {http://dl.acm.org/citation.cfm?id=162552.162561},
  acmid =	 {162561},
  publisher =	 {Oxford University Press, Inc.},
  address =	 {New York, NY, USA},
}

@article{Hughes89,
 author = {Hughes, J.},
 title = {Why Functional Programming Matters},
 journal = {Comput. J.},
 issue_date = {April 1989},
 volume = {32},
 number = {2},
 month = apr,
 year = {1989},
 issn = {0010-4620},
 pages = {98--107},
 numpages = {10},
 url = {http://dx.doi.org/10.1093/comjnl/32.2.98},
 doi = {10.1093/comjnl/32.2.98},
 acmid = {63411},
 publisher = {Oxford University Press},
 address = {Oxford, UK},
}

@misc{Wos10,
  author =	 {Krzysztof Woś},
  title =	 {Low-level code optimisations in the {G}lasgow {H}askell
                  {C}ompiler},
  note =	 {Computer Science Tripos, St John’s College},
  month =	 May,
  year =	 {2010},
}
